@article{gpufire,
  title={Simulation of surface fire fronts using fireLib and GPUs},
  author={Sousa, FA and Dos Reis, RJN and Pereira, JCF},
  journal={Environmental Modelling \& Software},
  volume={38},
  pages={167--177},
  year={2012},
  publisher={Elsevier}
}

@INPROCEEDINGS{forestcost,
	AUTHOR = "Gorte, Ross W and Bracmort, Kelsi",
	TITLE = "Forest fire/wildfire protection",
	ORGANIZATION = "Congressional Research Service, Library of Congress", 
	YEAR = {2006}	}
    
    
@ARTICLE{roth,
	AUTHOR = "Rothermel, Richard C and Forest, Intermountain",
	TITLE = "A mathematical model for predicting fire spread in wildland fuels",
	JOURNAL = {AUSFS},
	YEAR = {1972}	}
   
       
@ARTICLE{BEHAVE,
	AUTHOR = "Andrews, Patricia L",
	TITLE = "BEHAVE: fire behavior prediction and fuel modeling system-BURN subsystem, Part 1",
	YEAR = {1986}	}
       
@ARTICLE{fireLib,
	AUTHOR = "Bevins, Collin D",
	TITLE = "FireLib user manual and technical reference",
	JOURNAL = {Systems for Environmental Management},
	YEAR = {1996}	}
    
         
@ARTICLE{FARSITE,
	AUTHOR = "Finney, Mark Arnold",
	TITLE = "FARSITE: Fire area simulator: model development and evaluation",
	JOURNAL = {Intermountain Forest and Range Experiment Station, General Technical Report},
	YEAR = {2004}	}

@article{vFire,
title = "VFire: Immersive wildfire simulation and visualization ",
journal = "Computers \& Graphics ",
volume = "34",
number = "6",
pages = "655 - 664",
year = "2010",
issn = "0097-8493",
doi = "http://dx.doi.org/10.1016/j.cag.2010.09.014",
author = "Roger V. Hoang and Matthew R. Sgambati and Timothy J. Brown and Daniel S. Coming and Frederick C. Harris Jr.",
}

@ARTICLE{hFire,
  title={Using HFire for spatial modeling of fire in shrublands},
  author={Peterson, Seth H and Morais, Marco E and Carlson, Jean M and Dennison, Philip E and Roberts, Dar A and Moritz, Max A and Weise, David R and others},
  year={2009},
  publisher={US Department of Agriculture, Forest Service, Pacific Southwest Research Station}
}
  
  
@book{opengl,
 author = {Shreiner, Dave},
 title = {OpenGL Reference Manual: The Official Reference Document to OpenGL, Version 1.2},
 year = {1999},
 isbn = {0201657651},
 edition = {3rd},
 publisher = {Addison-Wesley Longman Publishing Co., Inc.},
 address = {Boston, MA, USA},
}
  
@misc{cuda,
  title={Programming guide},
  author={Nvidia, CUDA},
  year={2008}
}

@article{fireReview,
  title={Mathematical models and calculation systems for the study of wildland fire behaviour},
  author={Pastor, E and Zarate, L and Planas, E and Arnaldos, J},
  journal={Progress in Energy and Combustion Science},
  volume={29},
  number={2},
  pages={139--153},
  year={2003},
  publisher={Elsevier}
}

@misc{cubix,
 title = {Cubix Corporation, Xpander Rackmount 8 Gen3 16-channel (128Gbps) PCIe slot expansion system and HostEngine},
 url = {http://www.cubix.com/},
 urldate={2015-09-23}, 
}
  
@book{cudabyexample,
title={CUDA by Example: An Introduction to General-Purpose GPU Programming, Portable Documents},
author={Sanders, Jason and Kandrot, Edward},
year={2010},
publisher={Addison-Wesley Professional}
}

@Manual{GDAL ,
title = {GDAL - Geospatial Data Abstraction Library, Version x.x.x},
author = {{GDAL Development Team}},
organization = {Open Source Geospatial Foundation},
year = {201x},
url = {â€‹http://www.gdal.org}, 
}